@misc{cc-by-4.0,
  key          = {Attribution 4.0 International},
  title        = {Attribution 4.0 International},
  version      = {4},
  organization = {Creative Commons},
  url          = {https://creativecommons.org/licenses/by/4.0},
  pagination   = {section},
  language     = {english},
  date         = {2020-03-27}
}

@misc{RFC-1035, title={RFC 1035,  DOMAIN NAMES - IMPLEMENTATION AND SPECIFICATION}, url={https://tools.ietf.org/html/rfc1035}, journal={RFC 1035}, publisher={IETF Network Working Group}, author={Mockapetris, Paul}, year={1987}, month={11}}

@misc{RFC-1034, title={RFC 1034, DOMAIN NAMES - CONCEPTS AND FACILITIES}, url={https://tools.ietf.org/html/rfc1034}, journal={RFC 1034}, publisher={IETF Network Working Group}, author={Mockapetris, Paul}, year={1987}, month={11}}

@misc{RFC-791, title={RFC 791, INTERNET PROTOCOL}, url={https://tools.ietf.org/html/rfc791}, journal={RFC 791}, publisher={DARPA INTERNET PROGRAM}, author={ Information Sciences Institute, University of Southern California}, year={1981}, month={9}}

@misc{BCP-219, title={BCP 219, DNS Terminology}, url={https://tools.ietf.org/html/bcp219}, journal={BCP 219}, publisher={Internet Engineering Task Force (IETF)}, author={Paul Hoffman; Andrew Sullivan; Kazunori Fujiwara}, year={2019}, month={1}}

@misc{DNS-Trends-and-Traffic, title={ DNS Trends and Traffic }, url={https://www.akamai.com/uk/en/why-akamai/dns-trends-and-traffic.jsp}, journal={DNS Trends and Traffic }, publisher={Akamai Technologies}}

@article{satam2015anomaly,
  title={Anomaly Behavior Analysis of DNS Protocol.},
  author={Satam, Pratik and Alipour, Hamid and Al-Nashif, Youssif B and Hariri, Salim},
  journal={J. Internet Serv. Inf. Secur.},
  volume={5},
  number={4},
  pages={85--97},
  year={2015}
}

@misc{finch-2015, url={https://fanf.livejournal.com/133020.html}, journal={Network setup for Cambridge's new DNS servers}, author={Finch, Tony}, year={2015}, month={1}}

@inproceedings{kambourakis2007detecting,
  title={Detecting DNS amplification attacks},
  author={Kambourakis, Georgios and Moschos, Tassos and Geneiatakis, Dimitris and Gritzalis, Stefanos},
  booktitle={International workshop on critical information infrastructures security},
  pages={185--196},
  year={2007},
  organization={Springer}
}

@inproceedings{antonakakis2010centralized,
  title={A centralized monitoring infrastructure for improving DNS security},
  author={Antonakakis, Manos and Dagon, David and Luo, Xiapu and Perdisci, Roberto and Lee, Wenke and Bellmor, Justin},
  booktitle={International Workshop on Recent Advances in Intrusion Detection},
  pages={18--37},
  year={2010},
  organization={Springer}
}

@article{Mahjabin-2020,
  author={T. {Mahjabin} and Y. {Xiao} and T. {Li} and C. L. P. {Chen}},
  journal={IEEE Internet of Things Journal}, 
  title={Load Distributed and Benign-Bot Mitigation Methods for IoT DNS Flood Attacks}, 
  year={2020},
  volume={7},
  number={2},
  pages={986-1000},
  doi={10.1109/JIOT.2019.2947659}}

@misc{bisson-2016, url={https://www.tripwire.com/state-of-security/latest-security-news/100000-bots-infected-mirai-malware-caused-dyn-ddos-attack/}, journal={100,000 Bots Infected with Mirai Malware Behind Dyn DDoS Attack}, author={Bisson, David}, year={2016}, month={Oct}}